 @article{an_imageworth, 
 title={An image is worth 16x16 words: Transformers for image recognition at scale}, 
 url={https://arxiv.org/abs/2010.11929}, 
 journal={arXiv:2010.11929}, 
 author={Dosovitskiy, Alexey and Beyer, Lucas and Kolesnikov, Alexander and Weissenborn, Dirk and Zhai, Xiaohua and Unterthiner, Thomas and Dehghani, Mostafa and Minderer, Matthias and Heigold, Georg and Gelly, Sylvain and et al.}, 
 year={2021}
 } 

@article{ePill,
title = {ePillID Dataset: A Low-Shot Fine-Grained Benchmark for Pill Identification},
author = {Usuyama, Naoto and Delgado, Natalia and Hall, Amanda and Lundin, Jessica},
journal = {	arXiv:2005.14288},
year = {2020}
}

 @article{relu2010,
title = {Activation Functions: Comparison of Trends in Practice and Research for Deep Learning},
author = {Nwankpa, Chigozie and Ijomah,Winifred and Gachagan,Anthony and Marshall,Stephen},
journal = {arXiv:1811.03378},
year = {2010}
}

@article{gelu2016,
title = {GAUSSIAN ERROR LINEAR UNITS (GELUS)},
author = {Hendrycks, Dan and Gimpel,Kevin},
journal = {	arXiv:1606.08415},
year = {2016}
}

@article{softmax,
title = {Training Stochastic Model Recognition
Algorithms as Networks can lead to Maximum
Mutual Information Estimation of Parameters },
author = {Bridle, John},
journal = {	NIPS},
year = {1989}
}